@article{luty1996calculating,
  title={Calculating electrostatic interactions using the particle- particle particle- mesh method with nonperiodic long-range interactions},
  author={Luty, Brock A and van Gunsteren, Wilfred F},
  journal={The Journal of Physical Chemistry},
  volume={100},
  number={7},
  pages={2581--2587},
  year={1996},
  publisher={ACS Publications}
}

@article{thompson2022lammps,
  title={LAMMPS-a flexible simulation tool for particle-based materials modeling at the atomic, meso, and continuum scales},
  author={Thompson, Aidan P and Aktulga, H Metin and Berger, Richard and Bolintineanu, Dan S and Brown, W Michael and Crozier, Paul S and in't Veld, Pieter J and Kohlmeyer, Axel and Moore, Stan G and Nguyen, Trung Dac and others},
  journal={Computer Physics Communications},
  volume={271},
  pages={108171},
  year={2022},
  publisher={Elsevier}
}

@article{humphrey1996vmd,
  title={VMD: visual molecular dynamics},
  author={Humphrey, William and Dalke, Andrew and Schulten, Klaus},
  journal={Journal of molecular graphics},
  volume={14},
  number={1},
  pages={33--38},
  year={1996},
  publisher={Elsevier}
}
